@article{bonnabel2013stochastic,
  title={Stochastic gradient descent on Riemannian manifolds},
    author={Bonnabel, Silvere},
      journal={IEEE Transactions on Automatic Control},
        volume={58},
          number={9},
            pages={2217--2229},
              year={2013},
                publisher={IEEE}
                }

@inproceedings{nickel2017poincare,
  title={Poincar{\'e} embeddings for learning hierarchical representations},
    author={Nickel, Maximillian and Kiela, Douwe},
      booktitle={Advances in neural information processing systems},
        pages={6338--6347},
          year={2017}
          }
